@Article{APE,
  title = {A{PE}: analyses of phylogenetics and evolution in {R} language},
  author = {E. Paradis and J. Claude and K. Strimmer},
  journal = {Bioinformatics},
  year = {2004},
  volume = {20},
  pages = {289-290},
}

@article{bouckaert2014beast,
  title={BEAST 2: a software platform for Bayesian evolutionary analysis},
  author={Bouckaert, Remco and Heled, Joseph and K{\"u}hnert, Denise and Vaughan, Tim and Wu, Chieh-Hsi and Xie, Dong and Suchard, Marc A and Rambaut, Andrew and Drummond, Alexei J},
  journal={PLoS Comput Biol},
  volume={10},
  number={4},
  pages={e1003537},
  year={2014}
}

@article{cantor1969mammalian,
  title={Mammalian protein metabolism},
  author={Cantor, Jukes and Jukes, T},
  journal={Evolution of protein molecules. Academic Press, New York, NY},
  pages={21--132},
  year={1969}
}

@Manual{covr,
  title = {covr: Test Coverage for Packages},
  author = {Hester, Jim and Ligtenberg, Willem},
  year = {2016},
  note = {R package version 2.1.0.9000},
  url = {http://CRAN.R-project.org/package=covr},
}

@inproceedings{del1995correlation,
  title={On the correlation between code coverage and software reliability},
  author={Del Frate, Fabio and Garg, Praerit and Mathur, Aditya P and Pasquini, Alberto},
  booktitle={Software Reliability Engineering, 1995. Proceedings., Sixth International Symposium on},
  pages={124--132},
  year={1995},
  organization={IEEE}
}

@Manual{devtools,
  title = {devtools: Tools to Make Developing R Packages Easier},
  author = {Wickham, Hadley and Chang, Winston},
  year = {2016},
  note = {R package version 1.12.0.9000},
  url = {http://CRAN.R-project.org/package=devtools},
}

@article{drummond2012bayesian,
  title={Bayesian phylogenetics with BEAUti and the BEAST 1.7},
  author={Drummond, Alexei J and Suchard, Marc A and Xie, Dong and Rambaut, Andrew},
  journal={Molecular biology and evolution},
  volume={29},
  number={8},
  pages={1969--1973},
  year={2012},
  publisher={Oxford University Press}
}

@Article{GEIGER,
  title = {GEIGER: investigating evolutionary radiations},
  author = {LJ Harmon and JT Weir and CD Brock and RE Glor and W Challenger},
  journal = {Bioinformatics},
  year = {2008},
  volume = {24},
  pages = {129-131},
}

@Book{ggplot2,
  author = {Hadley Wickham},
  title = {ggplot2: elegant graphics for data analysis},
  publisher = {Springer New York},
  year = {2009},
  isbn = {978-0-387-98140-6},
  url = {http://had.co.nz/ggplot2/book},
}

@misc{github,
  title = {GitHub},
  howpublished = {\url{https://github.com/}}
}

@Manual{goodpractice,
  title = {goodpractice: Advice on R Package Building},
  author = {Csardi, Gabor},
  year = {2016},
  note = {R package version 1.0.0},
  url = {https://github.com/MangoTheCat/goodpractice},
}

@article{gorgolewski2016practical,
  title={A practical guide for improving transparency and reproducibility in neuroimaging research},
  author={Gorgolewski, Krzysztof J and Poldrack, Russell},
  journal={bioRxiv},
  pages={039354},
  year={2016},
  publisher={Cold Spring Harbor Labs Journals}
}

@Manual{knitr,
  title = {knitr: A General-Purpose Package for Dynamic Report Generation in R},
  author = {Yihui Xie},
  year = {2017},
  note = {R package version 1.17},
  url = {https://yihui.name/knitr/},
}

@Manual{lintr,
  title = {lintr: Static R Code Analysis},
  author = {Hester, Jim},
  year = {2016},
  note = {R package version 1.0.0},
  url = {http://CRAN.R-project.org/package=lintr},
}

@article{nee1994reconstructed,
  title={The reconstructed evolutionary process},
  author={Nee, Sean and May, Robert M and Harvey, Paul H},
  journal={Philosophical Transactions of the Royal Society B: Biological Sciences},
  volume={344},
  number={1309},
  pages={305--311},
  year={1994},
  publisher={The Royal Society}
}

@article{perez2016ten,
  title={Ten Simple Rules for Taking Advantage of git and GitHub},
  author={Perez-Riverol, Yasset and Gatto, Laurent and Wang, Rui and Sachsenberg, Timo and Uszkoreit, Julian and Leprevost, Felipe and Fufezan, Christian and Ternent, Tobias and Eglen, Stephen J and Katz, Daniel SS and others},
  journal={bioRxiv},
  pages={048744},
  year={2016},
  publisher={Cold Spring Harbor Labs Journals}
}

@Article{phangorn,
  title = {phangorn: phylogenetic analysis in R},
  author = {K.P. Schliep},
  journal = {Bioinformatics},
  year = {2011},
  volume = {27},
  number = {4},
  pages = {592--593},
}

@Manual{R,
  title = {R: A Language and Environment for Statistical Computing},
  author = {{R Core Team}},
  organization = {R Foundation for Statistical Computing},
  address = {Vienna, Austria},
  year = {2013},
  url = {http://www.R-project.org/},
}

@Manual{rmarkdown,
  title = {rmarkdown: Dynamic Documents for R},
  author = {JJ Allaire and Yihui Xie and Jonathan McPherson and Javier Luraschi and Kevin Ushey and Aron Atkins and Hadley Wickham and Joe Cheng and Winston Chang},
  year = {2017},
  note = {R package version 1.8},
  url = {https://CRAN.R-project.org/package=rmarkdown},
}

@InCollection{seqinr,
  author = {D. Charif and J.R. Lobry},
  title = {Seqin{R} 1.0-2: a contributed package to the {R} project for statistical computing devoted to biological sequences retrieval and analysis.},
  booktitle = {Structural approaches to sequence evolution: Molecules, networks, populations},
  year = {2007},
  editor = {U. Bastolla and M. Porto and H.E. Roman and M. Vendruscolo},
  series = {Biological and Medical Physics, Biomedical Engineering},
  pages = {207-232},
  address = {New York},
  publisher = {Springer Verlag},
  note = {{ISBN :} 978-3-540-35305-8},
}

@Manual{stringr,
  title = {stringr: Simple, Consistent Wrappers for Common String Operations},
  author = {Hadley Wickham},
  year = {2017},
  note = {R package version 1.2.0},
  url = {https://CRAN.R-project.org/package=stringr},
}

@misc{style_guide,
  title = {Style guide},
  author={Wickham, Hadley},
  howpublished = {\url{http://r-pkgs.had.co.nz/style.html}},
  note = {Accessed: 2017-12-20}
}

@Manual{testit,
  title = {testit: A Simple Package for Testing R Packages},
  author = {Yihui Xie},
  year = {2014},
  note = {R package version 0.4},
  url = {http://CRAN.R-project.org/package=testit},
}

@Article{testthat,
    author = {Hadley Wickham},
    title = {testthat: Get Started with Testing},
    journal = {The R Journal},
    year = {2011},
    volume = {3},
    pages = {5--10},
    url = {http://journal.r-project.org/archive/2011-1/RJournal_2011-1_Wickham.pdf},
  }

@misc{travis,
  title = {Travis \uppercase{CI}},
  howpublished = {\url{https://travis-ci.org/}}
}

@Manual{TreeSim,
  title = {TreeSim: Simulating Phylogenetic Trees},
  author = {Tanja Stadler},
  year = {2017},
  note = {R package version 2.3},
  url = {https://CRAN.R-project.org/package=TreeSim},
}

@article{yule,
  title={A mathematical theory of evolution, based on the conclusions of Dr. JC Willis, FRS},
  author={Yule, G Udny},
  journal={Philosophical transactions of the Royal Society of London. Series B, containing papers of a biological character},
  volume={213},
  pages={21--87},
  year={1925},
  publisher={JSTOR}
}













@article{kendall1948generalized,
  title={On the generalized" birth-and-death" process},
  author={Kendall, David G},
  journal={The annals of mathematical statistics},
  pages={1--15},
  year={1948},
  publisher={JSTOR}
}

@Manual{RBeast,
  title = {RBeast: Create BEAST and BEAST2 input files and parse their output},
  author = {N Faria and MA Suchard},
  url = {https://github.com/beast-dev/RBeast},
}

